<?xml version="1.0" encoding="UTF-8"?>
<OAI-PMH xmlns="http://www.openarchives.org/OAI/2.0/" xmlns:xsi="http://www.w3.org/2001/XMLSchema-instance" xsi:schemaLocation="http://www.openarchives.org/OAI/2.0/ http://www.openarchives.org/OAI/2.0/OAI-PMH.xsd">
  <ListRecords>
    <record>
      <header>
        <identifier>aleph-publish:001678292</identifier>
      </header>
      <metadata>
        <record xmlns="http://www.ddb.de/professionell/mabxml/mabxml-1.xsd">
          <leader>00353vM2.01200024------h</leader>
          <controlfield tag="LDR">00353vM2.01200024------h</controlfield>
          <controlfield tag="FMT">MH</controlfield>
          <datafield tag="001" ind1="-" ind2="1">
            <subfield code="a">HT004285445</subfield>
          </datafield>
          <datafield tag="002" ind1="a" ind2="1">
            <subfield code="a">19920828</subfield>
          </datafield>
          <datafield tag="003" ind1="-" ind2="1">
            <subfield code="a">20140702</subfield>
          </datafield>
          <datafield tag="025" ind1="o" ind2="1">
            <subfield code="a">1068203015</subfield>
          </datafield>
          <datafield tag="026" ind1="-" ind2="1">
            <subfield code="a">HBZHT004285445</subfield>
          </datafield>
          <controlfield tag="030">a|1uc||||||17</controlfield>
          <datafield tag="036" ind1="a" ind2="1">
            <subfield code="a">DE</subfield>
          </datafield>
          <controlfield tag="050">a|||||||||||||</controlfield>
          <controlfield tag="051">mm||||||</controlfield>
          <datafield tag="070" ind1="-" ind2="1">
            <subfield code="a">HBZ/OZK</subfield>
          </datafield>
          <datafield tag="070" ind1="b" ind2="1">
            <subfield code="a">1156</subfield>
          </datafield>
          <datafield tag="080" ind1="-" ind2="1">
            <subfield code="a">60</subfield>
          </datafield>
          <datafield tag="100" ind1="-" ind2="1">
            <subfield code="p">Molsen, Uli</subfield>
            <subfield code="d">1947-</subfield>
            <subfield code="9">(DE-588)134465202</subfield>
          </datafield>
          <datafield tag="101" ind1="-" ind2="1">
            <subfield code="p">Molsen, Gert-Ulrich</subfield>
            <subfield code="d">1947-</subfield>
          </datafield>
          <datafield tag="331" ind1="-" ind2="1">
            <subfield code="a">Erleben - Verstehen - Lernen</subfield>
          </datafield>
          <datafield tag="334" ind1="-" ind2="1">
            <subfield code="a">Musikdruck</subfield>
          </datafield>
          <datafield tag="335" ind1="-" ind2="1">
            <subfield code="a">Klavierschule für Erwachsene</subfield>
          </datafield>
          <datafield tag="359" ind1="-" ind2="1">
            <subfield code="a">Uli Molsen</subfield>
          </datafield>
          <datafield tag="410" ind1="-" ind2="1">
            <subfield code="a">Wilhelmshaven</subfield>
          </datafield>
          <datafield tag="412" ind1="-" ind2="1">
            <subfield code="a">Heinrichshofen</subfield>
          </datafield>
          <datafield tag="425" ind1="-" ind2="1">
            <subfield code="a">c 1989</subfield>
          </datafield>
          <datafield tag="425" ind1="a" ind2="1">
            <subfield code="a">1989</subfield>
          </datafield>
          <datafield tag="433" ind1="-" ind2="1">
            <subfield code="a">80 S. + lose Beil.</subfield>
          </datafield>
          <datafield tag="529" ind1="-" ind2="1">
            <subfield code="p">Beil.</subfield>
            <subfield code="a">Tägliche Einspiel-Übungen</subfield>
          </datafield>
          <datafield tag="541" ind1="a" ind2="1">
            <subfield code="a">M-2044-2120-6</subfield>
          </datafield>
          <datafield tag="551" ind1="a" ind2="1">
            <subfield code="a">N 2120</subfield>
          </datafield>
          <datafield tag="711" ind1="-" ind2="1">
            <subfield code="x">SW-Musik</subfield>
            <subfield code="a">Klavier / Lehrmittel</subfield>
          </datafield>
          <controlfield tag="SYS">001678292</controlfield>
          <datafield tag="LOW" ind1="-" ind2="1">
            <subfield code="a">R0003</subfield>
          </datafield>
          <datafield tag="LOW" ind1="-" ind2="1">
            <subfield code="a">Z9037</subfield>
          </datafield>
          <datafield tag="088" ind1=" " ind2=" ">
            <subfield code="a">575</subfield>
            <subfield code="b">00000001</subfield>
            <subfield code="c">NC 10 MolsU 2</subfield>
            <subfield code="e">keine ILL</subfield>
          </datafield>
          <datafield tag="088" ind1=" " ind2=" ">
            <subfield code="a">107</subfield>
            <subfield code="b">00001000</subfield>
            <subfield code="c">Mus. 30018 + Beil.</subfield>
            <subfield code="e">ILL Ausleihe</subfield>
          </datafield>
          <datafield tag="088" ind1=" " ind2=" ">
            <subfield code="a">6/286</subfield>
            <subfield code="c">P KLS Mol 4.1</subfield>
            <subfield code="e">keine Angabe</subfield>
          </datafield>
          <datafield tag="088" ind1=" " ind2=" ">
            <subfield code="a">1156</subfield>
            <subfield code="c">C 10 / MolU / Erle</subfield>
            <subfield code="e">keine Angabe</subfield>
          </datafield>
          <datafield tag="088" ind1=" " ind2=" ">
            <subfield code="a">52</subfield>
          </datafield>
          <datafield tag="088" ind1=" " ind2=" ">
            <subfield code="a">60</subfield>
          </datafield>
          <datafield tag="088" ind1=" " ind2=" ">
            <subfield code="a">62</subfield>
          </datafield>
        </record>
      </metadata>
    </record>
  </ListRecords>
</OAI-PMH>
